% Encoding: UTF-8

@BOOK{deitelAjax,
  title = {Ajax, Rich internet applications e desenvolvimento web para programadores},
  publisher = {Pearson Prentice Hall},
  year = {2009},
  author = {Paul J. Deitel and Harvey M. Deitel},
  pages = {747},
  address = {São Paulo},
  edition = {1},
  note = {ISBN 9788576051619}
}

@BOOK{redesSociais01,
  title = {Redes Sociais na Internet},
  publisher = {Sulina},
  year = {2009},
  author = {Raquel Recuero},
  pages = {191},
  address = {Porto Alegre},
  edition = {1},
  note = {ISBN 9788520505250}
}
 
@ARTICLE{artigo01,
  author = {K. G. Coffman and A. M. Odlyzko},
  title = {Internet growth: Is there a “Moore’s Law” for data traffic?},
  journal = {AT\&T Labs - Research},
  year = {2001}
  pages = {45},
  month = {jun}
}
